@article{Marzo2014,
	author              = {Marzo, J. and Pridhnani, B.},
	title               = {Sufficient Conditions for Sampling and Interpolation on the Sphere},
	journal             = {Constructive Approximation},
	year                = {2014},
}

@article{Yang2013,
	author              = {Yang, Z. and Zhou, Z. and Liu, Y.},
	title               = {From {RSSI} to {CSI}: Indoor localization via channel response},
	journal             = {ACM Computing Surveys},
	year                = {2013},
	volume              = {46},
	number              = {2},
}

@article{Zhang2012575,
	author              = {Zhang, W. and Zhang, M. and Kennedy, R.A. and Abhayapala, T.D.},
	title               = {On high-resolution head-related transfer function measurements: An efficient sampling scheme},
	journal             = {IEEE Transactions on Audio, Speech and Language Processing},
	year                = {2012},
	volume              = {20},
	number              = {2},
	pages               = {575-584},
}

@conference{Ajdler2005III273,
	author              = {Ajdler, T. and Sbaiz, L. and Vetterli, M.},
	title               = {Plenacoustic function on the circle with application to hrtf interpolation},
	journal             = {ICASSP, IEEE International Conference on Acoustics, Speech and Signal Processing - Proceedings},
	year                = {2005},
	volume              = {III},
	pages               = {III273-III276},
}

@article{Stan2002249,
	author              = {Stan, G.-B. and Embrechts, J.-J. and Archambeau, D.},
	title               = {Comparison of different impulse response measurement techniques},
	journal             = {AES: Journal of the Audio Engineering Society},
	year                = {2002},
	volume              = {50},
	number              = {4},
	pages               = {249-262},
}

@article{Suzuki19951119,
	author              = {Suzuki, Y. and Asano, F. and Kim, H.-Y. and Sone, T.},
	title               = {An optimum computer-generated pulse signal suitable for the measurement of very long impulse responses},
	journal             = {Journal of the Acoustical Society of America},
	year                = {1995},
	volume              = {97},
	number              = {2},
	pages               = {1119-1123},
}

@article{Rife1992779,
	author              = {Rife, Douglas D.},
	title               = {Modulation transfer function measurement with maximum-length sequences},
	journal             = {AES: Journal of the Audio Engineering Society},
	year                = {1992},
	volume              = {40},
	number              = {10},
	pages               = {779-790},
}

@article{Aoshima19811484,
	author              = {Aoshima, Nobuharu},
	title               = {COMPUTER-GENERATED PULSE SIGNAL APPLIED FOR SOUND MEASUREMENT.},
	journal             = {Journal of the Acoustical Society of America},
	year                = {1981},
	volume              = {69},
	number              = {5},
	pages               = {1484-1488},
}

@article{Schroeder1979497,
	author              = {Schroeder, M.R.},
	title               = {INTEGRATED-IMPULSE METHOD MEASURING SOUND DECAY WITHOUT USING IMPULSES.},
	journal             = {Journal of the Acoustical Society of America},
	year                = {1979},
	volume              = {66},
	number              = {2},
	pages               = {497-500},
}

@article{Maya2010,
	author              = {C. Maia and L. Nogueira and L. M. Pinho},
	title               = {{Evaluating Android OS for embedded real-time systems}},
	journal             = {Proceedings of the 6th International Workshop on Operating Systems Platforms for Embedded Real-Time Applications},
}

@electronic{Brahler2010,
	author            = {Stefan Brahler},
	title             = {{Analysis of the Android architecture}},
	url               = {https://os.itec.kit.edu/downloads/sa_2010_braehler-stefan_android-architecture.pdf},
	month             = oct,
	year              = {2010}
}

@electronic{IDC-android,
	author              = {{International Data Corporation}},
	title               = {Smartphone {OS} Market Share 2015, 2014, 2013, and 2012},
	url                 = {https://www.idc.com/prodserv/smartphone-os-market-share.jsp},
	urldate             = {2015-06-18},
}

@article{VanVeen19884,
	author              = {Van Veen, Barry D. and Buckley, Kevin M.},
	title               = {Beamforming: A versatile approach to spatial filtering.},
	journal             = {IEEE ASSP magazine},
	year                = {1988},
	volume              = {5},
	number              = {2},
	pages               = {4-24},
}

@inproceedings{cherkassky2014,
	title               = {Blind synchronization in wireless sensor networks with application to speech enhancement},
	author              = {Cherkassky, Dani and Gannot, Sharon},
	booktitle           = {Acoustic Signal Enhancement (IWAENC), 2014 14th International Workshop on},
	pages               = {183--187},
	year                = {2014},
	organization        = {IEEE}
}

@inproceedings{Gaubitch2014, 
	author              = {Gaubitch, N.D. and Martinez, J. and Kleijn, W.B. and Heusdens, R.},
	booktitle           = {Acoustic Signal Enhancement (IWAENC), 2014 14th International Workshop on},
	title               = {On near-field beamforming with smartphone-based ad-hoc microphone arrays},
	year                = {2014},
	month               = {Sept},
	pages               = {94-98},
}

@inproceedings{golan2012, 
	author              = {Markovich-Golan, Shmulik and Gannot, Sharon and Cohen, Israel},
	booktitle           = {Acoustic Signal Enhancement; Proceedings of IWAENC 2012; International Workshop on},
	title               = {Blind Sampling Rate Offset Estimation and Compensation in Wireless Acoustic Sensor Networks with Application to Beamforming},
	year                = {2012},
	month               = {Sept},
	pages               = {1-4},
}

@book{liu2013,
	author              = {Feipeng Liu},
	title               = {Android Native Development Kit Cookbook},
	year                = {2013},
	ISBN                = {978-1-84969-150-5},
	publisher           = {Packt Publishing}
}

@electronic{android-ndk,
	author            = {Google},
	title             = {{Android NDK -- Android Developers}},
	url               = {https://developer.android.com/tools/sdk/ndk/index.html},
	urldate           = {2015-04-21}
}

@electronic{android-getting-started,
	author            = {Google},
	title             = {{Getting Started -- Android Developers}},
	url               = {https://developer.android.com/training/index.html},
	urldate           = {2015-04-21}
}

@electronic{android-art,
	author              = {Google},
	title               = {{ART and Dalvik -- Android Developers}},
	url                 = {https://source.android.com/devices/tech/dalvik/index.html},
	urldate             = {2015-04-22}
}

@incollection{springer2010,
	year                = {2010},
	isbn                = {978-3-642-11129-7},
	booktitle           = {Speech Processing in Modern Communication},
	volume              = {3},
	series              = {Springer Topics in Signal Processing},
	editor              = {Cohen, Israel and Benesty, Jacob and Gannot, Sharon},
	title               = {The MVDR Beamformer for Speech Enhancement},
	publisher           = {Springer Berlin Heidelberg},
	author              = {Habets, EmanuÃ«l A.P. and Benesty, Jacob and Gannot, Sharon and Cohen, Israel},
	pages               = {225-254},
	language            = {English}
}

@article{martinez2015,
	author              = {Jorge Martinez, Nikolay Gaubitch and W. Bastiaan Kleijn},
	title               = {A ROBUST REGION-BASED NEAR-FIELD BEAMFORMER},
	journal             = {},
	year                = {2015},
	document_type       = {Article},
	source              = {Jorge Martinez},
}

@article{goslinski2015,
	author      = {Goslinski, J. and Nowicki, M. and Skrzypczynski, P.},
	journal     = {Sensors Journal, IEEE},
	title       = {Performance Comparison of {EKF}-based Algorithms for Orientation Estimation on {Android} Platform},
	year        = {2015},
	month       = {},
	volume      = {PP},
	number      = {99},
	pages       = {1-1},
}

@inproceedings{wehr2004,
	author      = {Wehr, S. and Kozintsev, I. and Lienhart, R. and Kellermann, W.},
	booktitle   = {Multimedia Software Engineering, 2004. Proceedings. IEEE Sixth International Symposium on},
	title       = {Synchronization of acoustic sensors for distributed ad-hoc audio networks and its use for blind source separation},
	year        = {2004},
	month       = {Dec},
	pages       = {18-25},
}

@inproceedings{ballew2011,
	author      = {Ballew, A. and Kuzmanovic, A. and Chung Chieh Lee},
	booktitle   = {Information Fusion (FUSION), 2011 Proceedings of the 14th International Conference on},
	title       = {Fusion of live audio recordings for blind noise reduction},
	year        = {2011},
	month       = {July},
	pages       = {1-7},
}

@STANDARD{itu-g114,
	institution = {International Telecommunication Union},
	title       = {International telephone connections and circuits - General Recommendations on the transmission quality for an entire international telephone connection},
	year        = {2003},
}

@STANDARD{itu-g107,
	institution = {International Telecommunication Union},
	title       = {International telephone connections and circuits -- Transmission planning and the E-model},
	year        = {2011},
}

@STANDARD{itu-p800,
	institution = {International Telecommunication Union},
	title       = {Methods for subjective determination of transmission quality},
	year        = {1996},
}

@article{habets2010,
	author      = {Habets, E. and Benesty, J. and Cohen, I. and Gannot, S. and Dmochowski, J.},
	journal     = {Audio, Speech, and Language Processing, IEEE Transactions on},
	title       = {New Insights Into the MVDR Beamformer in Room Acoustics},
	year        = {2010},
	month       = {Jan},
	volume      = {18},
	number      = {1},
	pages       = {158-170},
}

@article{zhang2008,
	author      = {Cha Zhang and Florencio, D. and Ba, D.E. and Zhengyou Zhang},
	journal     = {Multimedia, IEEE Transactions on},
	title       = {Maximum Likelihood Sound Source Localization and Beamforming for Directional Microphone Arrays in Distributed Meetings},
	year        = {2008},
	month       = {April},
	volume      = {10},
	number      = {3},
	pages       = {538-548},
}

@inproceedings{hennecke2011, 
	author      = {Hennecke, M.H. and Fink, G.A.},
	booktitle   = {Hands-free Speech Communication and Microphone Arrays (HSCMA), 2011 Joint Workshop on},
	title       = {Towards acoustic self-localization of ad hoc smartphone arrays},
	year        = {2011},
	month       = {May},
	pages       = {127-132},
}

@inproceedings{taal2010, 
	author      = {Taal, C.H. and Hendriks, R.C. and Heusdens, R. and Jensen, J.},
	booktitle   = {Acoustics Speech and Signal Processing (ICASSP), 2010 IEEE International Conference on},
	title       = {A short-time objective intelligibility measure for time-frequency weighted noisy speech},
	year        = {2010},
	month       = {March},
	pages       = {4214-4217},
}

@inproceedings{rix2001, 
	author      = {Rix, A.W. and Beerends, J.G. and Hollier, M.P. and Hekstra, A.P.},
	booktitle   = {Acoustics, Speech, and Signal Processing, 2001. Proceedings. (ICASSP '01). 2001 IEEE International Conference on},
	title       = {Perceptual evaluation of speech quality (PESQ)-a new method for speech quality assessment of telephone networks and codecs},
	year        = {2001},
	month       = {},
	volume      = {2},
	pages       = {749-752 vol.2},
}

@inproceedings{schm2013, 
	author      = {Schmalenstroeer, J. and Haeb-Umbach, R.},
	booktitle   = {Signal Processing Conference (EUSIPCO), 2013 Proceedings of the 21st European},
	title       = {Sampling rate synchronisation in acoustic sensor networks with a pre-trained clock skew error model},
	year        = {2013},
	month       = {Sept},
	pages       = {1-5},
}

@inproceedings{ehrenberg2010, 
	author      = {Ehrenberg, L. and Gannot, S. and Leshem, A. and Zehavi, E.},
	booktitle   = {Electrical and Electronics Engineers in Israel (IEEEI), 2010 IEEE 26th Convention of},
	title       = {Sensitivity analysis of MVDR and MPDR beamformers},
	year        = {2010},
	month       = {Nov},
	pages       = {000416-000420},
}

@article{jin2010, 
	author      = {Yunye Jin and Wee-Seng Soh and Wai-Choong Wong},
	journal     = {Wireless Communications, IEEE Transactions on},
	title       = {Indoor localization with channel impulse response based fingerprint and nonparametric regression},
	year        = {2010},
	month       = {March},
	volume      = {9},
	number      = {3},
	pages       = {1120-1127},
}

@electronic{android-sensors,
	author      = {Google},
	title       = {{Sensors overview -- Android Developers}},
	url         = {http://developer.android.com/guide/topics/sensors/sensors_overview.html},
	urldate     = {2015-04-21}
}

@inproceedings{pertila2013,
	author      = {Pertila, P. and Tinakari, A.},
	booktitle   = {Digital Signal Processing (DSP), 2013 18th International Conference on},
	title       = {Time-of-arrival estimation for blind beamforming},
	year        = {2013},
	month       = {July},
	pages       = {1-6},
}

@book{naylor2010speech,
	title       = {Speech Dereverberation},
	author      = {Naylor, P.A. and Gaubitch, N.D.},
	isbn        = {9781849960564},
	lccn        = {2010930018},
	series      = {Signals and Communication Technology},
	url         = {http://books.google.nl/books?id=SYuTUqiB-q4C},
	year        = {2010},
	publisher   = {Springer}
}

@article{elko1996,
	author      = {Elko, Gary W.},
	title       = {Microphone Array Systems for Hands-free Telecommunication},
	journal     = {Speech Commun.},
	issue_date  = {Dec. 1996},
	volume      = {20},
	number      = {3-4},
	month       = {dec},
	year        = {1996},
	issn        = {0167-6393},
	pages       = {229--240},
	numpages    = {12},
	acmid       = {255993},
	publisher   = {Elsevier Science Publishers B. V.},
	address     = {Amsterdam, The Netherlands, The Netherlands},
	keywords    = {adaptive beamforming, beamforming, directional microphones, microphone arrays, steerable microphones.},
}

@article{yu2012,
	year        = {2012},
	journal     = {EURASIP Journal on Advances in Signal Processing},
	eid         = {249},
	volume      = {2012},
	number      = {1},
	title       = {Geometry descriptors of irregular microphone arrays related to beamforming performance},
	publisher   = {Springer International Publishing AG},
	author      = {Yu, Jingjing and Donohue, KevinD},
	language    = {English}
}

@misc{hee2003,
	title       = {Impulse response measurements using MLS},
	author      = {Hee, Jens},
	year        = {2003},
	publisher   = {august}
}

@electronic{nexus5,
	author      = {Google},
	title       = {Nexus 5 - Google},
	url         = {http://www.google.nl/intl/nl_nl/nexus/5/},
	urldate     = {2015-04-24}}
	}

@article{zeng2014,
	title       = {Distributed delay and sum beamformer for speech enhancement via randomized gossip},
	author      = {Zeng, Yuan and Hendriks, Richard C},
	journal     = {Audio, Speech, and Language Processing, IEEE/ACM Transactions on},
	volume      = {22},
	number      = {1},
	pages       = {260--273},
	year        = {2014},
	publisher   = {IEEE}
}

@article{himawan2011, 
	author      = {Himawan, I. and McCowan, I. and Sridharan, S.},
	journal     = {Audio, Speech, and Language Processing, IEEE Transactions on},
	title       = {Clustered Blind Beamforming From Ad-Hoc Microphone Arrays},
	year        = {2011},
	month       = {May},
	volume      = {19},
	number      = {4},
	pages       = {661-676},
}

@article{pawig2010,
	author      = {Pawig, M. and Enzner, G. and Vary, P.},
	journal     = {Signal Processing, IEEE Transactions on},
	title       = {Adaptive Sampling Rate Correction for Acoustic Echo Control in Voice-Over-IP},
	year        = {2010},
	month       = {Jan},
	volume      = {58},
	number      = {1},
	pages       = {189-199},
}

@article{Schmalenstroeer2015,
	author      = {Joerg Schmalenstroeer and Patrick Jebramcik and Reinhold Haeb-Umbach},
	title       = {A combined hardwareâsoftware approach for acoustic sensor network synchronization },
	journal     = {Signal Processing},
	volume      = {107},
	number      = {0},
	pages       = {171 - 184},
	year        = {2015},
}

@book{brandstein2001,
	title       = {Microphone Arrays: Signal Processing Techniques and Applications},
	author      = {Brandstein, M. and Ward, D.},
	isbn        = {9783540419532},
	series      = {Digital Signal Processing - Springer-Verlag},
	year        = {2001},
	publisher   = {Springer}
}

@article{Barker1999717,
	title       = {System identification with multi-level periodic perturbation signals },
	journal     = {Control Engineering Practice },
	volume      = {7},
	number      = {6},
	pages       = {717 - 726},
	year        = {1999},
	author      = {H.A. Barker and K.R. Godfrey},
}

@inproceedings{varshavsky2006, 
	author      = {Varshavsky, A. and Chen, M.Y. and de Lara, E. and Froehlich, J. and Haehnel, D. and Hightower, J. and Lamarca, A. and Potter, F. and Sohn, T. and Tang, K. and Smith, I.},
	booktitle   = {Mobile Computing Systems and Applications, 2006. WMCSA '06. Proceedings. 7th IEEE Workshop on},
	title       = {Are {GSM} Phones THE Solution for Localization?},
	year        = {2006},
	month       = {Aug},
	pages       = {34-42},
}

@article{Knapp1976,
	author      = {Knapp, Charles H. and Carter, G.Clifford},
	title       = {GENERALIZED CORRELATION METHOD FOR ESTIMATION OF TIME DELAY.},
	journal     = {IEEE Transactions on Acoustics, Speech, and Signal Processing},
	year        = {1976},
	volume      = {ASSP-24},
	pages       = {320-327},
}

@MastersThesis {BAP:ErikNiels,
	author      = {van Wijngaarden, N. and Wouters, E.},
	school      = {Delft University of Technology},
	month       = {June},
	title       = {{Acoustic Enhancement via Beamforming Using Smartphones}},
	year        = {2015},
	type        = {Bachelor's Thesis}
}

@MastersThesis {BAP:RosalieTim,
	author      = {Brinkman, R. and de Rooij, T.},
	school      = {Delft University of Technology},
	month       = {June},
	title       = {{On Determining Smartphone Microphone Directivity with Application to Beamforming}},
	year        = {2015},
	type        = {Bachelor's Thesis}
}

@inproceedings{Lasassmeh2010, 
	author      = {Lasassmeh, S.M. and Conrad, J.M.},
	booktitle   = {IEEE SoutheastCon 2010 (SoutheastCon), Proceedings of the},
	title       = {Time synchronization in wireless sensor networks: A survey},
	year        = {2010},
	month       = {March},
	pages       = {242-245},
}

@article{Chu1990,
	title       = {Impulse-response and reverberation-decay measurements made by using a periodic pseudorandom sequence },
	journal     = {Applied Acoustics },
	volume      = {29},
	number      = {3},
	pages       = {193 - 205},
	year        = {1990},
	author      = {W.T. Chu},
}

@article{MacWilliams1976,
	author      = {MacWilliams, F.J. and Sloane, N.J.A.},
	journal     = {Proceedings of the IEEE},
	title       = {Pseudo-random sequences and arrays},
	year        = {1976},
	month       = {Dec},
	volume      = {64},
	number      = {12},
	pages       = {1715-1729},
}

@book{Girod2001,
	title       = {Signals and Systems},
	author      = {Girod, B. and Rabenstein, R. and Stenger, A.},
	isbn        = {0471988006},
	year        = {2001},
	publisher   = {Wiley}
}

@book{Proakis2007,
	title       = {Digital Signal Processing},
	author      = {Proakis, John G. and Manolakis, Dimitris G.},
	isbn        = {0-13-228731-5},
	year        = {2007},
	publisher   = {Pearson Education}
}

@misc{raykar2005,
  title={Method for three-dimensional position calibration of audio sensors and actuators on a distributed computing platform},
  author={Raykar, V.C. and Lienhart, R.W. and Kozintsev, I.V.},
  url={http://www.google.com/patents/US6941246},
  year={2005},
  month=sep # "~6",
  publisher={Google Patents},
  note={{US Patent 6,941,246}}
}

@INPROCEEDINGS{thomas2012, 
author={Thomas, Mark R. P. and Ahrens, Jens and Tashev, Ivan}, 
booktitle={Acoustic Signal Enhancement; Proceedings of IWAENC 2012; International Workshop on}, 
title={Optimal 3D Beamforming Using Measured Microphone Directivity Patterns}, 
year={2012}, 
month={Sept}, 
pages={1-4}, 
keywords={Arrays;Frequency measurement;Microphones;Noise;Solid modeling;Speech;Vectors},}

@INPROCEEDINGS{ba2007, 
author={Ba, D.E. and Florencio, D. and Cha Zhang}, 
booktitle={Multimedia and Expo, 2007 IEEE International Conference on}, 
title={Enhanced MVDR Beamforming for Arrays of Directional Microphones}, 
year={2007}, 
month={July}, 
pages={1307-1310}, 
keywords={least mean squares methods;microphone arrays;speech enhancement;MVDR beamforming;circular arrays;directional microphone arrays;directional microphones;microphone gains;minimum variance distortionless response;real-world audio data;source location;speech enhancement;Acoustic sensors;Array signal processing;Cameras;Computer science;Direction of arrival estimation;Interference;Microphone arrays;Microwave integrated circuits;Position measurement;Sensor arrays;MVDR;Microphone arrays;circular arrays;directional microphones;sound capture}, 
doi={10.1109/ICME.2007.4284898},}

@INPROCEEDINGS{Parviainen2014, 
author={Parviainen, M. and Pertila, P. and Hamalainen, M.S.}, 
booktitle={Hands-free Speech Communication and Microphone Arrays (HSCMA), 2014 4th Joint Workshop on}, 
title={Self-localization of wireless acoustic sensors in meeting rooms}, 
year={2014}, 
month={May}, 
pages={152-156}, 
keywords={acoustic signal processing;array signal processing;calibration;microphone arrays;sensor placement;synchronisation;wireless sensor networks;array processing method;calibration system;common off-the-shelf device;data driven data association;meeting rooms;passive acoustic self-localization;recordings evaluation;synchronization system;wireless acoustic sensor position estimation;Array signal processing;Conferences;Estimation;Microphone arrays;Speech}, 
doi={10.1109/HSCMA.2014.6843270},}

@book{Hansen2014,
	author              = {Hansen, Erik W.},
	title               = {{Fourier Transforms: Principles and Applications}},
	year                = {2014},
	ISBN                = {978-1-118-47914-8},
	publisher           = {Wiley}
}